@article{asker2014dynamic,
  title={Dynamic inputs and resource (mis) allocation},
  author={Asker, John and Collard-Wexler, Allan and De Loecker, Jan},
  journal={Journal of Political Economy},
  volume={122},
  number={5},
  pages={1013--1063},
  year={2014},
  publisher={University of Chicago Press Chicago, IL}
}


@article{ai2020financial,
  title={Financial intermediation and capital reallocation},
  author={Ai, Hengjie and Li, Kai and Yang, Fang},
  journal={Journal of Financial Economics},
  volume={138},
  number={3},
  pages={663--686},
  year={2020},
  publisher={Elsevier}
}


@article{andersson2019carbon,
  title={Carbon taxes and CO2 emissions: Sweden as a case study},
  author={Andersson, Julius J},
  journal={American Economic Journal: Economic Policy},
  volume={11},
  number={4},
  pages={1--30},
  year={2019},
  publisher={American Economic Association}
}



@article{ahmadi2022carbon,
  title={How do carbon taxes affect emissions? Plant-level evidence from manufacturing},
  author={Ahmadi, Younes and Yamazaki, Akio and Kabore, Philippe},
  journal={Environmental and Resource Economics},
  volume={82},
  number={2},
  pages={285--325},
  year={2022},
  publisher={Springer}
}



@article{oehmke2023theory,
  title={A theory of socially responsible investment},
  author={Oehmke, Martin and Opp, Marcus M},
  journal={Swedish House of Finance Research Paper},
  number={20-2},
  year={2023}
}



@article{krueger2023sustainability,
  title={The sustainability wage gap},
  author={Krueger, Philipp and Metzger, Daniel and Wu, Jiaxin},
  journal={Swedish House of Finance Research Paper},
  number={20-14},
  pages={21--17},
  year={2023}
}


@article{wiedemann2023green,
  title={Green stewards: Responsible institutional investors foster green capex},
  author={Wiedemann, Moritz},
  journal={Available at SSRN 4618793},
  year={2023}
}



@article{acemoglu2016transition,
  title={Transition to clean technology},
  author={Acemoglu, Daron and Akcigit, Ufuk and Hanley, Douglas and Kerr, William},
  journal={Journal of political economy},
  volume={124},
  number={1},
  pages={52--104},
  year={2016},
  publisher={University of Chicago Press Chicago, IL}
}

@article{acemoglu2012competing,
  title={Competing engines of growth: Innovation and standardization},
  author={Acemoglu, Daron and Gancia, Gino and Zilibotti, Fabrizio},
  journal={Journal of Economic Theory},
  volume={147},
  number={2},
  pages={570--601},
  year={2012},
  publisher={Elsevier}
}


@article{ackerberg2015identification,
  title={Identification properties of recent production function estimators},
  author={Ackerberg, Daniel A and Caves, Kevin and Frazer, Garth},
  journal={Econometrica},
  volume={83},
  number={6},
  pages={2411--2451},
  year={2015},
  publisher={Wiley Online Library}
}


@article{levinsohn2003estimating,
  title={Estimating production functions using inputs to control for unobservables},
  author={Levinsohn, James and Petrin, Amil},
  journal={The review of economic studies},
  volume={70},
  number={2},
  pages={317--341},
  year={2003},
  publisher={Wiley-Blackwell}
}


@misc{olley1992dynamics,
  title={The dynamics of productivity in the telecommunications equipment industry},
  author={Olley, Steven and Pakes, Ariel},
  year={1992},
  publisher={National Bureau of Economic Research Cambridge, Mass., USA}
}


@article{davis2014macroeconomic,
  title={Macroeconomic implications of agglomeration},
  author={Davis, Morris A and Fisher, Jonas DM and Whited, Toni M},
  journal={Econometrica},
  volume={82},
  number={2},
  pages={731--764},
  year={2014},
  publisher={Wiley Online Library}
}
@article{blundell2000gmm,
  title={GMM estimation with persistent panel data: an application to production functions},
  author={Blundell, Richard and Bond, Stephen},
  journal={Econometric reviews},
  volume={19},
  number={3},
  pages={321--340},
  year={2000},
  publisher={Taylor \& Francis}
}
@article{hsieh2009misallocation,
  title={Misallocation and manufacturing TFP in China and India},
  author={Hsieh, Chang-Tai and Klenow, Peter J},
  journal={The Quarterly journal of economics},
  volume={124},
  number={4},
  pages={1403--1448},
  year={2009},
  publisher={MIT Press}
}

@article{kmenta1967estimation,
  title={On estimation of the CES production function},
  author={Kmenta, Jan},
  journal={International Economic Review},
  volume={8},
  number={2},
  pages={180--189},
  year={1967},
  publisher={JSTOR}
}

@article{martinsson2024effect,
  title={The Effect of Carbon Pricing on Firm Emissions: Evidence from the Swedish CO2 Tax},
  author={Martinsson, Gustav and Sajtos, L{\'a}szl{\'o} and Str{\"o}mberg, Per and Thomann, Christian},
  journal={The Review of Financial Studies},
  pages={hhad097},
  year={2024},
  publisher={Oxford University Press}
}
@article{whited2021misallocation,
  title={The misallocation of finance},
  author={Whited, Toni M and Zhao, Jake},
  journal={The Journal of Finance},
  volume={76},
  number={5},
  pages={2359--2407},
  year={2021},
  publisher={Wiley Online Library}
}
@article{shapiro2018pollution,
  title={Why is pollution from US manufacturing declining? The roles of environmental regulation, productivity, and trade},
  author={Shapiro, Joseph S and Walker, Reed},
  journal={American Economic Review},
  volume={108},
  number={12},
  pages={3814--3854},
  year={2018},
  publisher={American Economic Association 2014 Broadway, Suite 305, Nashville, TN 37203}
}